@ARTICLE{1053971, 
author={T. Berger and D. Tufts}, 
journal={IEEE Transactions on Information Theory}, 
title={Optimum pulse amplitude modulation--I: Transmitter-receiver design and bounds from information theory}, 
year={1967}, 
volume={13}, 
number={2}, 
pages={196-208}, 
keywords={PAM communication}, 
doi={10.1109/TIT.1967.1053971}, 
ISSN={0018-9448}, 
month={April},}